@book{greenpeace,
    author={Sven Teske},
    title={energy [r]evolution},
    subtitle={A sustainable world energey outlook},
    year={2012},
    publisher={Greenpeace International},
    isbn={978-90-73361-92-8},
}